% Encoding: UTF-8

@Book{Afanasyev92,
  title =     {Расчеты электрических цепей на программируемых микрокалькуляторах},
  publisher = {Энергоиздат},
  year =      {1992},
  author =    {Афанасьев, В. В. and Василевский, О. Н.},
  language =  {russian},
  address =   {М.},
  pagetotal = {190}
}

@Book{Ponomarenko86,
  title     = {Основы создания гибких атоматизированных производств},
  publisher = {Технiка},
  year      = {1986},
  author    = {Л. А. Пономаренко and Л. В. Адамович and В. Т. Музычук and А. Е. Гридасов},
  editor    = {Б. Б. Тимофеева},
  address   = {К.},
  language  = {russian},
  owner     = {User},
  pagetotal = {144},
}

@Book{Belousova81,
  title     = {Системный анализ инфраструктуры как элемент народного хозяйства},
  publisher = {Экономика},
  year      = {1981},
  author    = {Белоусова, Н. И. and Вишняк, Е. И. and Левит, В. Ю. and others},
  address   = {М.},
  language  = {russian},
  owner     = {User},
  pagetotal = {62},
}

@Article{rutherford,
  author    = {Rutherford, Ernest},
  title     = {LXXIX. The scattering of $\alpha$ and $\beta$ particles by matter and the structure of the atom},
  journal   = {The London, Edinburgh, and Dublin Philosophical Magazine and Journal of Science},
  year      = {1911},
  volume    = {21},
  number    = {125},
  pages     = {669--688},
  owner     = {User},
  publisher = {Taylor \& Francis},
}

@Article{dixit,
  author  = {Avinash K. Dixit and Robert S. Pindyck},
  title   = {The Options Approach to Capital Investment},
  journal = {Harvard Business Review},
  year    = {1995},
  pages   = {105--115},
  month   = {May-June},
  owner   = {User},
}

@Book{Belousova82,
  title     = {Системный анализ инфраструктуры как элемент народного хозяйства},
  publisher = {Экономика},
  year      = {1981},
  author    = {Белоусова, Н. И. and Вишняк, Е. И. and Левит, В. Ю. and Левит2, В. Ю. and Левит3, В. Ю.},
  address   = {М.},
  language  = {russian},
  owner     = {User},
  pagetotal = {62},
}

@Comment{jabref-meta: databaseType:bibtex;}
